<?xml version="1.0" encoding="UTF-8"?><collection xmlns="http://www.loc.gov/MARC21/slim"><record><leader>00369nam--2200133-i-4500</leader><controlfield tag="001">000020601</controlfield><controlfield tag="002">20161230</controlfield><controlfield tag="005">20161230201033</controlfield><controlfield tag="008">060222s1000------------r-----000-0-eng-d</controlfield><datafield ind1=" " ind2=" " tag="080"><subfield code="a">539.186.2</subfield></datafield><datafield ind1=" " ind2=" " tag="100"><subfield code="a">Simon, L.L</subfield></datafield><datafield ind1=" " ind2=" " tag="245"><subfield code="a">Effektivnie secenia vozbujdenia i ionizatii atomov redkozemelinih elementov</subfield></datafield><datafield ind1=" " ind2=" " tag="260"><subfield code="a">Moskva, Energoatomizdat, 1994. 142 P</subfield></datafield><datafield ind1=" " ind2=" " tag="852"><subfield code="a">80482</subfield></datafield></record></collection>